<collection xmlns="http://www.loc.gov/MARC21/slim">
<record>
  <leader>01581nam0a22002531i 450 </leader>
  <controlfield tag="001">IT\ICCU\CNCE\031605</controlfield>
  <controlfield tag="005">20040503000000.0</controlfield>
  <datafield tag="012" ind1=" " ind2=" ">
    <subfield code="a">orhe ioro erno sich (3) 1569 (A)</subfield>
    <subfield code="2">fei</subfield>
  </datafield>
  <datafield tag="100" ind1=" " ind2=" ">
    <subfield code="a">19971204d1569        0itac0103    ba</subfield>
  </datafield>
  <datafield tag="101" ind1=" " ind2=" ">
    <subfield code="a">ITA</subfield>
  </datafield>
  <datafield tag="102" ind1=" " ind2=" ">
    <subfield code="a">IT</subfield>
  </datafield>
  <datafield tag="200" ind1="1" ind2=" ">
    <subfield code="a">Breue espositione sopra il Padre nostro, con vno breuissimo trattato della preparatione del cuore prima che l&apos;huomo vada alla oratione, per l&apos;humil seruo di Iesu Christo composto, f. Vergilio di Castello Franco del ordine di Minimi di santo Francesco di Paula</subfield>
  </datafield>
  <datafield tag="210" ind1=" " ind2=" ">
    <subfield code="a">In Campagna</subfield>
    <subfield code="c">abpresso \!! Gio. Domenico Nibio &amp; Gio. Francesco Scaglione</subfield>
    <subfield code="d">1569</subfield>
  </datafield>
  <datafield tag="215" ind1=" " ind2=" ">
    <subfield code="a">\6!, 176, \2! p.</subfield>
    <subfield code="d">12ʻ</subfield>
  </datafield>
  <datafield tag="620" ind1=" " ind2=" ">
    <subfield code="a">IT</subfield>
    <subfield code="d">Campagna</subfield>
  </datafield>
  <datafield tag="700" ind1=" " ind2="0">
    <subfield code="a">Vergilio</subfield>
    <subfield code="c"> : di#Castel Franco</subfield>
    <subfield code="3">IT\ICCU\CNCA\009316</subfield>
  </datafield>
  <datafield tag="712" ind1="0" ind2="0">
    <subfield code="a">Nibbio, Giovanni Domenico &amp; Scaglione, Giovanni Francesco</subfield>
    <subfield code="3">IT\ICCU\CNCT\001683</subfield>
    <subfield code="4">650</subfield>
  </datafield>
  <datafield tag="801" ind1=" " ind2="3">
    <subfield code="a">IT</subfield>
    <subfield code="b">ICCU</subfield>
    <subfield code="c">20201114</subfield>
  </datafield>
  <datafield tag="899" ind1=" " ind2=" ">
    <subfield code="a">Biblioteca comunale. Enna</subfield>
    <subfield code="1">EN0025</subfield>
    <subfield code="2">ZEN 01</subfield>
  </datafield>
  <datafield tag="899" ind1=" " ind2=" ">
    <subfield code="a">Biblioteca Angelica. Roma</subfield>
    <subfield code="1">RM0290</subfield>
    <subfield code="2">RML 06</subfield>
  </datafield>
  <datafield tag="911" ind1=" " ind2=" ">
    <subfield code="a">Sul front.</subfield>
    <subfield code="9">IT\ICCU\CNCM\000236</subfield>
  </datafield>
  <datafield tag="911" ind1=" " ind2=" ">
    <subfield code="a">In fine</subfield>
    <subfield code="9">IT\ICCU\CNCM\000174</subfield>
  </datafield>
  <datafield tag="921" ind1=" " ind2=" ">
    <subfield code="a">IT\ICCU\CNCM\000236</subfield>
    <subfield code="b">Pellegrino in cammino con il bordone in spalla. Sullo sfondo paesaggio con una costellazione di nove stelle. In cornice.</subfield>
    <subfield code="e">Peregrinus sum a iuventute mea</subfield>
    <subfield code="c">V35</subfield>
    <subfield code="c">Z949</subfield>
    <subfield code="d">Dimensioni: 5 x 6,5</subfield>
    <subfield code="f">BORDONE</subfield>
    <subfield code="f">PELLEGRINO</subfield>
    <subfield code="f">PEREGRINUS</subfield>
    <subfield code="f">STELLE</subfield>
    <subfield code="g">1567-1580</subfield>
  </datafield>
  <datafield tag="921" ind1=" " ind2=" ">
    <subfield code="a">IT\ICCU\CNCM\000174</subfield>
    <subfield code="b">Fortuna (donna in mare su globo con vela al vento). Paesaggio sullo sfondo. In cornice</subfield>
    <subfield code="e">Fata sequor virtute domor.</subfield>
    <subfield code="c">Z568</subfield>
    <subfield code="d">Motto anche in greco</subfield>
    <subfield code="f">FATASEQUOR</subfield>
    <subfield code="f">FORTUNA</subfield>
    <subfield code="f">GLOBO</subfield>
    <subfield code="f">VELA</subfield>
    <subfield code="g">1569-1570</subfield>
  </datafield>
</record>
</collection>
